<?xml version="1.0" encoding="utf-8"?>
<collection xmlns="http://www.loc.gov/MARC21/slim" xmlns:xsi="http://www.w3.org/2001/XMLSchema-instance"
xsi:schemaLocation="http://www.loc.gov/MARC21/slim http://www.loc.gov/standards/marcxml/schema/MARC21slim.xsd">
<record type="Bibliographic">
<leader>     cgm a2201057Ii 4500</leader>
<controlfield tag="001">DUKE007459779</controlfield>
<controlfield tag="005">20161019112554.0</controlfield>
<controlfield tag="007">vd^cvaizq</controlfield>
<controlfield tag="008">160210s2016^^^^cau108^e^^^^^^^^^^vleng^d</controlfield>
<datafield tag="019" ind1=" " ind2=" ">
 <subfield code="a">950546009</subfield>
</datafield>
<datafield tag="024" ind1="1" ind2=" ">
 <subfield code="a">043396470699</subfield>
</datafield>
<datafield tag="028" ind1="4" ind2="2">
 <subfield code="a">47069</subfield>
 <subfield code="b">Sony Pictures Home Entertainment</subfield>
</datafield>
<datafield tag="035" ind1=" " ind2=" ">
 <subfield code="a">946631944</subfield>
</datafield>
<datafield tag="040" ind1=" " ind2=" ">
 <subfield code="a">OEI</subfield>
 <subfield code="b">eng</subfield>
 <subfield code="e">rda</subfield>
 <subfield code="c">OEI</subfield>
 <subfield code="d">TEF</subfield>
 <subfield code="d">OCLCO</subfield>
 <subfield code="d">MWD</subfield>
 <subfield code="d">BDX</subfield>
 <subfield code="d">GK8</subfield>
 <subfield code="d">OCLCO</subfield>
 <subfield code="d">MQO</subfield>
 <subfield code="d">WIM</subfield>
 <subfield code="d">OCLCO</subfield>
 <subfield code="d">ETC</subfield>
</datafield>
<datafield tag="041" ind1="1" ind2=" ">
 <subfield code="a">eng</subfield>
 <subfield code="a">spa</subfield>
 <subfield code="j">eng</subfield>
 <subfield code="j">spa</subfield>
 <subfield code="h">eng</subfield>
</datafield>
<datafield tag="043" ind1=" " ind2=" ">
 <subfield code="a">e-uk-en</subfield>
</datafield>
<datafield tag="049" ind1=" " ind2=" ">
 <subfield code="a">NDBM</subfield>
</datafield>
<datafield tag="050" ind1=" " ind2="4">
 <subfield code="a">PN1997.2</subfield>
 <subfield code="b">.P75 2016</subfield>
</datafield>
<datafield tag="082" ind1="0" ind2="4">
 <subfield code="a">791.43/72</subfield>
 <subfield code="2">23</subfield>
</datafield>
<datafield tag="245" ind1="0" ind2="0">
 <subfield code="a">Pride and prejudice and zombies /</subfield>
 <subfield code="c">Screen Gems and Cross Creek Pictures present ; a Sierra Pictures &amp; MadRiver Pictures production ; a QC Entertainment/Allison Shearmur Productions/HandsomeCharlie Films production ; in association with Head Gear Films ; a film by Burr Steers ; produced by Sean McKittrick, Allison Shearmur, Natalie Portman, Annette Savitch, Brian Oliver, Tyler Thompson, Marc Butan ; screenplay by Burr Steers ; directed by Burr Steers.</subfield>
</datafield>
<datafield tag="246" ind1="1" ind2=" ">
 <subfield code="i">Title on container:</subfield>
 <subfield code="a">Pride + prejudice + zombies</subfield>
</datafield>
<datafield tag="264" ind1=" " ind2="1">
 <subfield code="a">Culver City, Calif. :</subfield>
 <subfield code="b">Sony Pictures Home Entertainment,</subfield>
 <subfield code="c">2016.</subfield>
</datafield>
<datafield tag="300" ind1=" " ind2=" ">
 <subfield code="a">1 videodisc (approximately 107 min.) :</subfield>
 <subfield code="b">sound, color ;</subfield>
 <subfield code="c">4 3/4 in.</subfield>
</datafield>
<datafield tag="336" ind1=" " ind2=" ">
 <subfield code="a">two-dimensional moving image</subfield>
 <subfield code="b">tdi</subfield>
 <subfield code="2">rdacontent</subfield>
</datafield>
<datafield tag="337" ind1=" " ind2=" ">
 <subfield code="a">video</subfield>
 <subfield code="b">v</subfield>
 <subfield code="2">rdamedia</subfield>
</datafield>
<datafield tag="338" ind1=" " ind2=" ">
 <subfield code="a">videodisc</subfield>
 <subfield code="b">vd</subfield>
 <subfield code="2">rdacarrier</subfield>
</datafield>
<datafield tag="340" ind1=" " ind2=" ">
 <subfield code="g">polychrome</subfield>
 <subfield code="2">rdacc</subfield>
 <subfield code="0">http://rdaregistry.info/termList/RDAColourContent/1003</subfield>
</datafield>
<datafield tag="344" ind1=" " ind2=" ">
 <subfield code="a">digital</subfield>
 <subfield code="2">rdatr</subfield>
 <subfield code="0">http://rdaregistry.info/termList/typeRec/1002</subfield>
</datafield>
<datafield tag="344" ind1=" " ind2=" ">
 <subfield code="b">optical</subfield>
 <subfield code="2">rdarm</subfield>
 <subfield code="0">http://rdaregistry.info/termList/recMedium/1003</subfield>
</datafield>
<datafield tag="344" ind1=" " ind2=" ">
 <subfield code="h">Dolby digital 5.1</subfield>
</datafield>
<datafield tag="345" ind1=" " ind2=" ">
 <subfield code="a">widescreen</subfield>
</datafield>
<datafield tag="347" ind1=" " ind2=" ">
 <subfield code="a">video file</subfield>
 <subfield code="2">rdaft</subfield>
 <subfield code="0">http://rdaregistry.info/termList/fileType/1006</subfield>
</datafield>
<datafield tag="347" ind1=" " ind2=" ">
 <subfield code="b">DVD video</subfield>
</datafield>
<datafield tag="347" ind1=" " ind2=" ">
 <subfield code="e">region 1</subfield>
 <subfield code="2">rdare</subfield>
 <subfield code="0">http://rdaregistry.info/termList/RDARegionalEncoding/1002</subfield>
</datafield>
<datafield tag="490" ind1="0" ind2=" ">
 <subfield code="a">,</subfield>
 <subfield code="x"></subfield>
</datafield>
<datafield tag="538" ind1=" " ind2=" ">
 <subfield code="a">DVD, region 1, anamorphic widescreen (2.40:1); Dolby Digital 5.1.</subfield>
</datafield>
<datafield tag="500" ind1=" " ind2=" ">
 <subfield code="a">Title from title screen.</subfield>
</datafield>
<datafield tag="511" ind1="1" ind2=" ">
 <subfield code="a">Lily James, Sam Riley, Jack Huston, Bella Heathcote, Douglas Booth, Matt Smith, Charles Dance, Lena Headey.</subfield>
</datafield>
<datafield tag="508" ind1=" " ind2=" ">
 <subfield code="a">Music, Fernando Velázquez ; editor, Padraic McKinley ; director of photography, Remi Adefarasin.</subfield>
</datafield>
<datafield tag="500" ind1=" " ind2=" ">
 <subfield code="a">Based on the Quirk Books classic by Jane Austen and Seth Grahame-Smith.</subfield>
</datafield>
<datafield tag="500" ind1=" " ind2=" ">
 <subfield code="a">Originally released as a motion picture in 2016.</subfield>
</datafield>
<datafield tag="500" ind1=" " ind2=" ">
 <subfield code="a">Widescreen (2.40:1).</subfield>
</datafield>
<datafield tag="521" ind1="8" ind2=" ">
 <subfield code="a">MPAA rating: PG-13; for violence and action, and brief suggestive material.</subfield>
</datafield>
<datafield tag="520" ind1=" " ind2=" ">
 <subfield code="a">Jane Austen&apos;s classic tale of the tangled relationships between lovers from different social classes in nineteenth century England is faced with a new challenge, an army of undead zombies.</subfield>
</datafield>
<datafield tag="500" ind1=" " ind2=" ">
 <subfield code="a">Special features: Courtship, class and Carnage: meet the cast; From Austen to zombies: adapting a classic.</subfield>
</datafield>
<datafield tag="505" ind1="0" ind2="0">
 <subfield code="g">.</subfield>
 <subfield code="t">/</subfield>
 <subfield code="r">.</subfield>
</datafield>
<datafield tag="546" ind1=" " ind2=" ">
 <subfield code="a">English or Spanish dialogue; English or Spanish subtitles; English subtitled for the deaf and hard of hearing; audio description track.</subfield>
</datafield>
<datafield tag="650" ind1=" " ind2="0">
 <subfield code="a">Zombies</subfield>
 <subfield code="0">http://id.loc.gov/authorities/subjects/sh99001600</subfield>
 <subfield code="v">Drama.</subfield>
 <subfield code="0">http://id.loc.gov/authorities/subjects/sh99001612</subfield>
</datafield>
<datafield tag="650" ind1=" " ind2="0">
 <subfield code="a">Courtship</subfield>
 <subfield code="0">http://id.loc.gov/authorities/subjects/sh85033596</subfield>
 <subfield code="z">England</subfield>
 <subfield code="0">http://id.loc.gov/authorities/names/n82068148</subfield>
 <subfield code="v">Drama.</subfield>
 <subfield code="0">http://id.loc.gov/authorities/subjects/sh99001612</subfield>
</datafield>
<datafield tag="655" ind1=" " ind2="7">
 <subfield code="a">Feature films.</subfield>
 <subfield code="2">lcgft</subfield>
 <subfield code="0">http://id.loc.gov/authorities/genreForms/gf2011026247</subfield>
</datafield>
<datafield tag="655" ind1=" " ind2="7">
 <subfield code="a">Fiction films.</subfield>
 <subfield code="2">lcgft</subfield>
 <subfield code="0">http://id.loc.gov/authorities/genreForms/gf2011026250</subfield>
</datafield>
<datafield tag="655" ind1=" " ind2="7">
 <subfield code="a">Action and adventure films.</subfield>
 <subfield code="2">lcgft</subfield>
 <subfield code="0">http://id.loc.gov/authorities/genreForms/gf2011026005</subfield>
</datafield>
<datafield tag="655" ind1=" " ind2="7">
 <subfield code="a">Horror films.</subfield>
 <subfield code="2">lcgft</subfield>
 <subfield code="0">http://id.loc.gov/authorities/genreForms/gf2011026321</subfield>
</datafield>
<datafield tag="655" ind1=" " ind2="7">
 <subfield code="a">Film adaptations.</subfield>
 <subfield code="2">lcgft</subfield>
 <subfield code="0">http://id.loc.gov/authorities/genreForms/gf2011026254</subfield>
</datafield>
<datafield tag="655" ind1=" " ind2="7">
 <subfield code="a">Video recordings for the hearing impaired.</subfield>
 <subfield code="2">lcgft</subfield>
 <subfield code="0">http://id.loc.gov/authorities/genreForms/gf2011026725</subfield>
</datafield>
<datafield tag="655" ind1=" " ind2="7">
 <subfield code="a">Video recordings for people with visual disabilities.</subfield>
 <subfield code="2">lcgft</subfield>
 <subfield code="0">http://id.loc.gov/authorities/genreForms/gf2011026724</subfield>
</datafield>
<datafield tag="700" ind1="1" ind2=" ">
 <subfield code="a">Steers, Burr,</subfield>
 <subfield code="d">1966-</subfield>
 <subfield code="0">http://id.loc.gov/authorities/names/no2003027739</subfield>
 <subfield code="e">screenwriter,</subfield>
 <subfield code="e">film director.</subfield>
</datafield>
<datafield tag="700" ind1="1" ind2=" ">
 <subfield code="a">McKittrick, Sean,</subfield>
 <subfield code="0">http://id.loc.gov/authorities/names/no2003003738</subfield>
 <subfield code="e">film producer.</subfield>
</datafield>
<datafield tag="700" ind1="1" ind2=" ">
 <subfield code="a">Shearmur, Allison,</subfield>
 <subfield code="0">http://id.loc.gov/authorities/names/no2015137092</subfield>
 <subfield code="e">film producer.</subfield>
</datafield>
<datafield tag="700" ind1="1" ind2=" ">
 <subfield code="a">Portman, Natalie,</subfield>
 <subfield code="d">1981-</subfield>
 <subfield code="0">http://id.loc.gov/authorities/names/no97047880</subfield>
 <subfield code="e">film producer.</subfield>
</datafield>
<datafield tag="700" ind1="1" ind2=" ">
 <subfield code="a">Savitch, Annette,</subfield>
 <subfield code="e">film producer.</subfield>
</datafield>
<datafield tag="700" ind1="1" ind2=" ">
 <subfield code="a">Oliver, Brian,</subfield>
 <subfield code="d">1971-</subfield>
 <subfield code="0">http://id.loc.gov/authorities/names/no2011053008</subfield>
 <subfield code="e">film producer.</subfield>
</datafield>
<datafield tag="700" ind1="1" ind2=" ">
 <subfield code="a">Thompson, Tyler</subfield>
 <subfield code="c">(Film producer),</subfield>
 <subfield code="0">http://id.loc.gov/authorities/names/n2017065550</subfield>
 <subfield code="e">film producer.</subfield>
</datafield>
<datafield tag="700" ind1="1" ind2=" ">
 <subfield code="a">Butan, Marc,</subfield>
 <subfield code="0">http://id.loc.gov/authorities/names/no2005020326</subfield>
 <subfield code="e">film producer.</subfield>
</datafield>
<datafield tag="700" ind1="1" ind2=" ">
 <subfield code="a">James, Lily,</subfield>
 <subfield code="d">1989-</subfield>
 <subfield code="0">http://id.loc.gov/authorities/names/no2012024069</subfield>
 <subfield code="e">actor.</subfield>
</datafield>
<datafield tag="700" ind1="1" ind2=" ">
 <subfield code="a">Riley, Sam,</subfield>
 <subfield code="d">1980-</subfield>
 <subfield code="0">http://id.loc.gov/authorities/names/n2008017017</subfield>
 <subfield code="e">actor.</subfield>
</datafield>
<datafield tag="700" ind1="1" ind2=" ">
 <subfield code="a">Huston, Jack,</subfield>
 <subfield code="d">1982-</subfield>
 <subfield code="0">http://id.loc.gov/authorities/names/no2007102475</subfield>
 <subfield code="e">actor.</subfield>
</datafield>
<datafield tag="700" ind1="1" ind2=" ">
 <subfield code="a">Heathcote, Isabella,</subfield>
 <subfield code="d">1987-</subfield>
 <subfield code="0">http://id.loc.gov/authorities/names/no2014150698</subfield>
 <subfield code="e">actor.</subfield>
</datafield>
<datafield tag="700" ind1="1" ind2=" ">
 <subfield code="a">Booth, Douglas,</subfield>
 <subfield code="d">1992-</subfield>
 <subfield code="0">http://id.loc.gov/authorities/names/no2012013935</subfield>
 <subfield code="e">actor.</subfield>
</datafield>
<datafield tag="700" ind1="1" ind2=" ">
 <subfield code="a">Smith, Matt,</subfield>
 <subfield code="d">1982-</subfield>
 <subfield code="0">http://id.loc.gov/authorities/names/no2010182099</subfield>
 <subfield code="e">actor.</subfield>
</datafield>
<datafield tag="700" ind1="1" ind2=" ">
 <subfield code="a">Dance, Charles,</subfield>
 <subfield code="0">http://id.loc.gov/authorities/names/no96043620</subfield>
 <subfield code="e">actor.</subfield>
</datafield>
<datafield tag="700" ind1="1" ind2=" ">
 <subfield code="a">Headey, Lena,</subfield>
 <subfield code="0">http://id.loc.gov/authorities/names/nr96043771</subfield>
 <subfield code="e">actor.</subfield>
</datafield>
<datafield tag="700" ind1="1" ind2=" ">
 <subfield code="a">Velázquez, Fernando,</subfield>
 <subfield code="d">1976-</subfield>
 <subfield code="0">http://id.loc.gov/authorities/names/no2013051216</subfield>
 <subfield code="e">composer.</subfield>
</datafield>
<datafield tag="700" ind1="1" ind2=" ">
 <subfield code="a">McKinley, Padraic,</subfield>
 <subfield code="e">film editor.</subfield>
</datafield>
<datafield tag="700" ind1="1" ind2=" ">
 <subfield code="a">Adefarasin, Remi,</subfield>
 <subfield code="0">http://id.loc.gov/authorities/names/no2002011479</subfield>
 <subfield code="e">cinematographer.</subfield>
</datafield>
<datafield tag="700" ind1="1" ind2=" ">
 <subfield code="i">Motion picture adaptation of (work):</subfield>
 <subfield code="a">Grahame-Smith, Seth.</subfield>
 <subfield code="t">Pride and prejudice and zombies.</subfield>
 <subfield code="0">http://id.loc.gov/authorities/names/no2015065474</subfield>
</datafield>
<datafield tag="710" ind1="2" ind2=" ">
 <subfield code="a">Screen Gems (1998- ),</subfield>
 <subfield code="0">http://id.loc.gov/authorities/names/no00104212</subfield>
 <subfield code="e">presenter.</subfield>
</datafield>
<datafield tag="710" ind1="2" ind2=" ">
 <subfield code="a">Cross Creek Pictures,</subfield>
 <subfield code="0">http://id.loc.gov/authorities/names/no2011049345</subfield>
 <subfield code="e">presenter.</subfield>
</datafield>
<datafield tag="710" ind1="2" ind2=" ">
 <subfield code="a">Sierra Pictures (2010- ),</subfield>
 <subfield code="0">http://id.loc.gov/authorities/names/no2014022109</subfield>
 <subfield code="e">production company.</subfield>
</datafield>
<datafield tag="710" ind1="2" ind2=" ">
 <subfield code="a">MadRiver Pictures,</subfield>
 <subfield code="0">http://id.loc.gov/authorities/names/no2017087512</subfield>
 <subfield code="e">production company.</subfield>
</datafield>
<datafield tag="710" ind1="2" ind2=" ">
 <subfield code="a">QC Entertainment (Firm),</subfield>
 <subfield code="0">http://id.loc.gov/authorities/names/no2017079585</subfield>
 <subfield code="e">production company.</subfield>
</datafield>
<datafield tag="710" ind1="2" ind2=" ">
 <subfield code="a">Allison Shearmur Productions (Firm),</subfield>
 <subfield code="e">production company.</subfield>
</datafield>
<datafield tag="710" ind1="2" ind2=" ">
 <subfield code="a">Handsomecharlie Films,</subfield>
 <subfield code="e">production company.</subfield>
</datafield>
<datafield tag="710" ind1="2" ind2=" ">
 <subfield code="a">Head Gear Films,</subfield>
 <subfield code="0">http://id.loc.gov/authorities/names/no2013000691</subfield>
 <subfield code="e">production company.</subfield>
</datafield>
<datafield tag="710" ind1="2" ind2=" ">
 <subfield code="a">Sony Pictures Home Entertainment (Firm),</subfield>
 <subfield code="0">http://id.loc.gov/authorities/names/no2005068937</subfield>
 <subfield code="e">publisher.</subfield>
</datafield>
<datafield tag="730" ind1="0" ind2="2">
 <subfield code="i">Container of (work):</subfield>
 <subfield code="a">Pride and prejudice and zombies (Motion picture)</subfield>
</datafield>
<datafield tag="730" ind1="0" ind2="2">
 <subfield code="i">Container of (expression):</subfield>
 <subfield code="a">Pride and prejudice and zombies (Motion picture).</subfield>
 <subfield code="l">Spanish.</subfield>
</datafield>
<datafield tag="856" ind1="7" ind2=" ">
 <subfield code="3">View cover art</subfield>
 <subfield code="u">http://midwesttapes.com/images/movies/000/000/000/011/556/000000000011556850.jpg</subfield>
 <subfield code="2">http</subfield>
</datafield>
<datafield tag="905" ind1=" " ind2=" ">
 <subfield code="a">MARCIVE 20190327</subfield>
</datafield>
<datafield tag="942" ind1=" " ind2=" ">
 <subfield code="a">G </subfield>
 <subfield code="b">Visual</subfield>
</datafield>
<datafield tag="946" ind1="1" ind2=" ">
 <subfield code="b">20160608</subfield>
</datafield>
<datafield tag="852" ind1="4" ind2=" ">
 <subfield code="b">LILLY</subfield>
 <subfield code="c">PLV1</subfield>
 <subfield code="h">DVD 29731</subfield>
 <subfield code="D">x</subfield>
</datafield>
<datafield tag="940" ind1=" " ind2=" ">
 <subfield code="b">LILLY</subfield>
 <subfield code="c">PLV1</subfield>
 <subfield code="d">4</subfield>
 <subfield code="h">DVD 29731</subfield>
 <subfield code="o">19</subfield>
 <subfield code="q"></subfield>
 <subfield code="r">DVD</subfield>
 <subfield code="p">D05091157S </subfield>
 <subfield code="s">20161014</subfield>
 <subfield code="u">20190507</subfield>
 <subfield code="v">20190206</subfield>
 <subfield code="w">5</subfield>
 <subfield code="k">007592475</subfield>
</datafield>
</record>
</collection>